{
  "leader": "02423cam a2200481 i 4500",
  "fields": [
    {
      "001": "ocm00636566\\"
    },
    {
      "003": "OCoLC"
    },
    {
      "005": "20220106160732.0"
    },
    {
      "008": "730116s1972\\\\\\\\enka\\\\\\\\\\\\\\\\\\\\101\\0\\eng\\\\"
    },
    {
      "010": {
        "ind1": "\\",
        "ind2": "\\",
        "subfields": [
          {
            "a": "   72169681 "
          }
        ]
      }
    },
    {
      "040": {
        "ind1": "\\",
        "ind2": "\\",
        "subfields": [
          {
            "a": "DLC"
          },
          {
            "b": "eng"
          },
          {
            "c": "DLC"
          },
          {
            "d": "UKM"
          },
          {
            "d": "BTCTA"
          },
          {
            "d": "OCLCG"
          },
          {
            "d": "AU@"
          },
          {
            "d": "SNU"
          },
          {
            "d": "S3O"
          },
          {
            "d": "GBVCP"
          },
          {
            "d": "OCLCO"
          },
          {
            "d": "OCLCF"
          },
          {
            "d": "OCLCQ"
          },
          {
            "d": "OCLCO"
          },
          {
            "d": "OCLCQ"
          },
          {
            "d": "NJR"
          },
          {
            "d": "OCLCQ"
          },
          {
            "d": "OCLCO"
          },
          {
            "d": "GZM"
          },
          {
            "d": "SEO"
          },
          {
            "d": "UKMGB"
          },
          {
            "d": "DCT"
          },
          {
            "d": "UKROH"
          },
          {
            "d": "LDP"
          },
          {
            "d": "MM9"
          },
          {
            "d": "ERL"
          },
          {
            "d": "OCLCQ"
          },
          {
            "d": "OCLCO"
          }
        ]
      }
    },
    {
      "015": {
        "ind1": "\\",
        "ind2": "\\",
        "subfields": [
          {
            "a": "GB7217866"
          },
          {
            "2": "bnb"
          }
        ]
      }
    },
    {
      "016": {
        "ind1": "7",
        "ind2": "\\",
        "subfields": [
          {
            "a": "007689153"
          },
          {
            "2": "Uk"
          }
        ]
      }
    },
    {
      "016": {
        "ind1": "7",
        "ind2": "\\",
        "subfields": [
          {
            "a": "023-39630"
          },
          {
            "2": "Uk"
          }
        ]
      }
    },
    {
      "019": {
        "ind1": "\\",
        "ind2": "\\",
        "subfields": [
          {
            "a": "16194956"
          },
          {
            "a": "624451259"
          },
          {
            "a": "1050495812"
          },
          {
            "a": "1120785773"
          },
          {
            "a": "1156844584"
          },
          {
            "a": "1171032634"
          },
          {
            "a": "1175327584"
          },
          {
            "a": "1180935488"
          },
          {
            "a": "1184164210"
          },
          {
            "a": "1204721441"
          },
          {
            "a": "1243785771"
          },
          {
            "a": "1274549963"
          }
        ]
      }
    },
    {
      "020": {
        "ind1": "\\",
        "ind2": "\\",
        "subfields": [
          {
            "a": "0233963081"
          }
        ]
      }
    },
    {
      "020": {
        "ind1": "\\",
        "ind2": "\\",
        "subfields": [
          {
            "a": "9780233963082"
          }
        ]
      }
    },
    {
      "035": {
        "ind1": "\\",
        "ind2": "\\",
        "subfields": [
          {
            "a": "(OCoLC)636566"
          },
          {
            "z": "(OCoLC)16194956"
          },
          {
            "z": "(OCoLC)624451259"
          },
          {
            "z": "(OCoLC)1050495812"
          },
          {
            "z": "(OCoLC)1120785773"
          },
          {
            "z": "(OCoLC)1156844584"
          },
          {
            "z": "(OCoLC)1171032634"
          },
          {
            "z": "(OCoLC)1175327584"
          },
          {
            "z": "(OCoLC)1180935488"
          },
          {
            "z": "(OCoLC)1184164210"
          },
          {
            "z": "(OCoLC)1204721441"
          },
          {
            "z": "(OCoLC)1243785771"
          },
          {
            "z": "(OCoLC)1274549963"
          }
        ]
      }
    },
    {
      "050": {
        "ind1": "0",
        "ind2": "0",
        "subfields": [
          {
            "a": "GF41"
          },
          {
            "b": ".J3 1972c"
          }
        ]
      }
    },
    {
      "060": {
        "ind1": "\\",
        "ind2": "4",
        "subfields": [
          {
            "a": "GF41"
          },
          {
            "b": "W256o 1972"
          }
        ]
      }
    },
    {
      "080": {
        "ind1": "\\",
        "ind2": "\\",
        "subfields": [
          {
            "a": "577.5"
          }
        ]
      }
    },
    {
      "082": {
        "ind1": "0",
        "ind2": "0",
        "subfields": [
          {
            "a": "301.31"
          },
          {
            "b": "WAR"
          }
        ]
      }
    },
    {
      "100": {
        "ind1": "1",
        "ind2": "\\",
        "subfields": [
          {
            "a": "Ward, Barbara,"
          },
          {
            "d": "1914-1981."
          }
        ]
      }
    },
    {
      "245": {
        "ind1": "1",
        "ind2": "0",
        "subfields": [
          {
            "a": "Only one earth :"
          },
          {
            "b": "the care and maintenance of a small planet: an unofficial report commissioned by the Secretary-General of the United Nations Conference on the Human Environment /"
          },
          {
            "c": "prepared with the assistance of a 152-member Committee of Corresponding Consultants in 58 countries [by] Barbara Ward and Rene\u0301 Dubos."
          }
        ]
      }
    },
    {
      "260": {
        "ind1": "\\",
        "ind2": "\\",
        "subfields": [
          {
            "a": "London :"
          },
          {
            "b": "Deutsch,"
          },
          {
            "c": "1972."
          }
        ]
      }
    },
    {
      "300": {
        "ind1": "\\",
        "ind2": "\\",
        "subfields": [
          {
            "a": "304 pages :"
          },
          {
            "b": "illustrations ;"
          },
          {
            "c": "23 cm"
          }
        ]
      }
    },
    {
      "336": {
        "ind1": "\\",
        "ind2": "\\",
        "subfields": [
          {
            "a": "text"
          },
          {
            "b": "txt"
          },
          {
            "2": "rdacontent"
          }
        ]
      }
    },
    {
      "337": {
        "ind1": "\\",
        "ind2": "\\",
        "subfields": [
          {
            "a": "unmediated"
          },
          {
            "b": "n"
          },
          {
            "2": "rdamedia"
          }
        ]
      }
    },
    {
      "338": {
        "ind1": "\\",
        "ind2": "\\",
        "subfields": [
          {
            "a": "volume"
          },
          {
            "b": "nc"
          },
          {
            "2": "rdacarrier"
          }
        ]
      }
    },
    {
      "508": {
        "ind1": "\\",
        "ind2": "\\",
        "subfields": [
          {
            "a": "An unofficial report commissioned by the Secretary-General of the United Nations Conference on the Human Environment."
          }
        ]
      }
    },
    {
      "500": {
        "ind1": "\\",
        "ind2": "\\",
        "subfields": [
          {
            "a": "Includes index."
          }
        ]
      }
    },
    {
      "590": {
        "ind1": "\\",
        "ind2": "\\",
        "subfields": [
          {
            "a": "Library holds translations of this title in French : \"Nous n'avons qu'une terre\" and Spanish : \"Una sola tierra.\""
          }
        ]
      }
    },
    {
      "650": {
        "ind1": "\\",
        "ind2": "0",
        "subfields": [
          {
            "a": "Human ecology."
          }
        ]
      }
    },
    {
      "650": {
        "ind1": "\\",
        "ind2": "2",
        "subfields": [
          {
            "a": "Environment"
          }
        ]
      }
    },
    {
      "650": {
        "ind1": "\\",
        "ind2": "7",
        "subfields": [
          {
            "a": "Human ecology."
          },
          {
            "2": "fast"
          },
          {
            "0": "(OCoLC)fst00962941"
          }
        ]
      }
    },
    {
      "655": {
        "ind1": "\\",
        "ind2": "2",
        "subfields": [
          {
            "a": "Congress"
          }
        ]
      }
    },
    {
      "700": {
        "ind1": "1",
        "ind2": "\\",
        "subfields": [
          {
            "a": "Dubos, Rene\u0301 J."
          },
          {
            "q": "(Rene\u0301 Jules),"
          },
          {
            "d": "1901-1982,"
          },
          {
            "e": "author."
          }
        ]
      }
    },
    {
      "711": {
        "ind1": "2",
        "ind2": "\\",
        "subfields": [
          {
            "a": "United Nations Conference on the Human Environment"
          },
          {
            "d": "(1972 :"
          },
          {
            "c": "Stockholm, Sweden)"
          }
        ]
      }
    },
    {
      "994": {
        "ind1": "\\",
        "ind2": "\\",
        "subfields": [
          {
            "a": "Z0"
          },
          {
            "b": "NYRVC"
          }
        ]
      }
    },
    {
      "948": {
        "ind1": "\\",
        "ind2": "\\",
        "subfields": [
          {
            "h": "NO HOLDINGS IN NYRVC - 149 OTHER HOLDINGS"
          }
        ]
      }
    },
    {
      "999": {
        "ind1": "\\",
        "ind2": "\\",
        "subfields": [
          {
            "a": "00000000014889"
          }
        ]
      }
    },
    {
      "999": {
        "ind1": "\\",
        "ind2": "\\",
        "subfields": [
          {
            "a": "00000000014893"
          },
          {
            "b": "Spanish"
          }
        ]
      }
    },
    {
      "999": {
        "ind1": "\\",
        "ind2": "\\",
        "subfields": [
          {
            "a": "00000000014885"
          },
          {
            "b": "French"
          }
        ]
      }
    }
  ]
}